@Manual{R-base,
  title = {R: A Language and Environment for Statistical Computing},
  author = {{R Core Team}},
  organization = {R Foundation for Statistical Computing},
  address = {Vienna, Austria},
  year = {2021},
  url = {https://www.R-project.org/},
}
@Manual{R-kableExtra,
  title = {kableExtra: Construct Complex Table with 'kable' and Pipe Syntax},
  author = {Hao Zhu},
  year = {2021},
  note = {R package version 1.3.4},
  url = {https://CRAN.R-project.org/package=kableExtra},
}
@Manual{R-papaja,
  author = {Frederik Aust and Marius Barth},
  title = {{papaja}: {Create} {APA} manuscripts with {R Markdown}},
  year = {2020},
  note = {R package version 0.1.0.9997},
  url = {https://github.com/crsh/papaja},
}
@Manual{R-dplyr,
  title = {dplyr: A Grammar of Data Manipulation},
  author = {Hadley Wickham and Romain François and Lionel Henry and Kirill Müller},
  year = {2021},
  note = {R package version 1.0.6},
  url = {https://CRAN.R-project.org/package=dplyr},
}
@Article{R-lavaan,
  title = {{lavaan}: An {R} Package for Structural Equation Modeling},
  author = {Yves Rosseel},
  journal = {Journal of Statistical Software},
  year = {2012},
  volume = {48},
  number = {2},
  pages = {1--36},
  url = {https://www.jstatsoft.org/v48/i02/},
}
@Manual{R-sem,
  title = {sem: Structural Equation Models},
  author = {John Fox and Zhenghua Nie and Jarrett Byrnes},
  year = {2020},
  note = {R package version 3.1-11},
  url = {https://CRAN.R-project.org/package=sem},
}
@Manual{R-semPlot,
  title = {semPlot: Path Diagrams and Visual Analysis of Various SEM Packages'
Output},
  author = {Sacha Epskamp},
  year = {2019},
  note = {R package version 1.1.2},
  url = {https://CRAN.R-project.org/package=semPlot},
}
