@article{joreskog1994estimation,
  title={On the estimation of polychoric correlations and their asymptotic covariance matrix},
  author={J{\"o}reskog, Karl G},
  journal={Psychometrika},
  volume={59},
  number={3},
  pages={381--389},
  year={1994},
  publisher={Springer}
}